%ok
@INPROCEEDINGS{pontos-fiduciais3,
author={Tie Yun and Ling Guan},
booktitle={Proceedings of the International Conference on Image Processing},
title={Fiducial Point Tracking for Facial Expression using Multiple Particle Filters with Kernel Correlation Analysis},
year={2010},
month={Sept},
pages={373-376}}
%ok



@INPROCEEDINGS{fundamentos1,
author={Rapp, V. and Senechal, T. and Bailly, K. and Prevost, L.},
booktitle={Proceedings of the International Conference on Automatic Face Gesture Recognition and Workshops},
title={Multiple Kernel Learning {SVM} and Statistical Validation for Facial Landmark Detection},
year={2011},
month={March},
pages={265-271}
}

%ok
@phdthesis{waldir,
  title={Reconhecimento de padrões utilizando filtros de correlação com análise de componentes principais},
  author={da Silva Júnior, Waldir Sabino},
  year={2010},
  school={Universidade Federal do Rio de Janeiro}
}

%ok
@article{kumar,
  title={Correlation pattern recognition for face recognition},
  author={Kumar, Bhagavatula VK and Savvides, Marios and Xie, Chunyan},
  journal={Proceedings of the IEEE},
  volume={94},
  number={11},
  pages={1963--1976},
  year={2006},
  publisher={IEEE}
}